%% This BibTeX bibliography file was created using BibDesk.
%% https://bibdesk.sourceforge.io/

%% Created for Xi Jiang at 2022-04-17 19:45:40 -0500 


%% Saved with string encoding Unicode (UTF-8) 


